@online{Brevepop,
  author = {A. HÃ¶chemer},
  title = {{Breve historia del pop}},
  url = {http://www.elepe.com/noticia/breve-historia-del-pop-1190},
  urldate = {2019-11-17}
}

@article{actmusica,
author = "Chaney, D.",
title = "The Music Industry in the Digital Age: Consumer Participation in Value Creation. International Journal of Arts Management",
pages = "15",
year = "2012"
}

@article{refnau,
author = "Sutskever, I., Martens, J., Hinton, G. E.",
title = "Generating text with recurrent neural networks.",
pages = "15",
year = "2011"
}

@book{refneuralclass,
 author = {Kim, Y.},
 title = {Convolutional neural networks for sentence classification.},
 year = {2014},
 isbn = {arXiv:1408.5882.}
}

@online{neuronart,
	author = {C. Gershenson},
	title = {{Artificial Neural Networks for Beginners}},
	url = {https://training.seer.cancer.gov/brain/tumors/anatomy/neurons.html},
	urldate = {2021}
}

@online{redneurnn,
	author = {S. Leijnen, F. van Veen},
	title = {{The Neural Network Zoo}},
	url = {https://www.researchgate.net/publication/341373030\_The\_Neural\_Net\\work\_Zoo},
	urldate = {2020-05}
}

@online{kaggle1,
  author = {Kaggle},
  title = {{How to Use Kaggle}},
  url = {https://www.kaggle.com/docs/datasets},
  urldate = {2010}
}

@online{kaggleDataset,
  author = {Kaggle},
  title = {{Song lyrics from 6 musical genres}},
  url = {https://www.kaggle.com/neisse/scrapped-lyrics-from-6-genres},
  urldate = {2019-11-17}
}

@online{data_cleaning,
  author = {Aaron Tay},
  title = {{Data Cleaning Techniques}},
  url = {https://www.digitalvidya.com/blog/data-cleaning-techniques/},
  urldate = {2021-04-23}
}

@online{tokenimagen,
  author = {B. Lee},
  title = {{How to 10x Response Rates on Surveys}},
  url = {https://bryankmlee3.medium.com/conducting-surveys-with-nlp-d38df4c29e39},
  urldate = {2019-11-17}
}