@online{neuronart,
	author = {C. Gershenson},
	title = {{Artificial Neural Networks for Beginners}},
	url = {https://training.seer.cancer.gov/brain/tumors/anatomy/neurons.html},
	urldate = {2021}
}

@online{redneurnn,
	author = {S. Leijnen, F. van Veen},
	title = {{The Neural Network Zoo}},
	url = {https://www.researchgate.net/publication/341373030\_The\_Neural\_Net\\work\_Zoo},
	urldate = {2020-05}
}

@online{kaggle1,
  author = {Kaggle},
  title = {{How to Use Kaggle}},
  url = {https://www.kaggle.com/docs/datasets},
  urldate = {2010}
}

@online{kaggleDataset,
  author = {Kaggle},
  title = {{Song lyrics from 6 musical genres}},
  url = {https://www.kaggle.com/neisse/scrapped-lyrics-from-6-genres},
  urldate = {2019-11-17}
}

@online{data_cleaning,
  author = {Aaron Tay},
  title = {{Data Cleaning Techniques}},
  url = {https://www.digitalvidya.com/blog/data-cleaning-techniques/},
  urldate = {2021-04-23}
}

  